<?xml version='1.0' encoding='UTF-8'?>
<record xmlns="http://www.loc.gov/MARC21/slim">
  <leader>01131cam a2200265 a 4500</leader>
  <controlfield tag="001">3195319</controlfield>
  <controlfield tag="003">NjP</controlfield>
  <controlfield tag="005">20171214164949.0</controlfield>
  <controlfield tag="008">001127s1955    ua       b    000|0 ara d</controlfield>
  <datafield tag="024" ind1="7" ind2=" ">
    <subfield code="a">princeton_aco002335</subfield>
    <subfield code="2">local</subfield>
  </datafield>
  <datafield ind1=" " ind2=" " tag="035">
    <subfield code="a">(OCoLC)12010941</subfield>
  </datafield>
  <datafield ind1=" " ind2=" " tag="035">
    <subfield code="a">(CStRLIN)NYUG00-B3932</subfield>
  </datafield>
  <datafield ind1=" " ind2=" " tag="035">
    <subfield code="9">GZ00202TS</subfield>
  </datafield>
  <datafield ind1=" " ind2=" " tag="040">
    <subfield code="a">CtY</subfield>
    <subfield code="c">CtY</subfield>
    <subfield code="d">NNU</subfield>
    <subfield code="d">NjP</subfield>
  </datafield>
  <datafield ind1=" " ind2=" " tag="043">
    <subfield code="a">a-su---</subfield>
  </datafield>
  <datafield ind1=" " ind2="4" tag="050">
    <subfield code="a">DS248.M5</subfield>
    <subfield code="b">S2 1955</subfield>
  </datafield>
  <datafield ind1=" " ind2=" " tag="090">
    <subfield code="a">DS248.M5</subfield>
    <subfield code="b">S2 1955</subfield>
  </datafield>
  <datafield ind1="1" ind2=" " tag="100">
    <subfield code="a">Samhūdī, ʻAlī ibn ʻAbd Allāh,</subfield>
    <subfield code="d">1440-1506.</subfield>
    <subfield code="0">http://id.loc.gov/authorities/names/n84033080</subfield>
  </datafield>
  <datafield ind1="1" ind2="0" tag="245">
    <subfield code="a">Wafāʾ al-wafā bi-akhbār Dār al-Muṣṭafá /</subfield>
    <subfield code="c">taʻlīf Nūr al-Dīn ʻAlī ibn Aḥmad al-Miṣrī al-Samhūdī ; ḥaqqaqahu wa-faṣṣalahu wa-ʻallaqa ḥawāshīhi Muḥammad Muḥyī al-Dīn ʻAbd al-Ḥamīd.</subfield>
  </datafield>
  <datafield ind1=" " ind2=" " tag="260">
    <subfield code="a">[Cairo] :</subfield>
    <subfield code="b">Maṭbaʻat al-Saʻādah,</subfield>
    <subfield code="c">[1955]</subfield>
  </datafield>
  <datafield ind1=" " ind2=" " tag="300">
    <subfield code="a">4 v. (1435 p.). ;</subfield>
    <subfield code="c">24 cm.</subfield>
  </datafield>
  <datafield ind1=" " ind2=" " tag="504">
    <subfield code="a">Includes bibliographical references.</subfield>
  </datafield>
  <datafield ind1=" " ind2="0" tag="651">
    <subfield code="a">Medina (Saudi Arabia)</subfield>
    <subfield code="x">History.</subfield>
  </datafield>
  <datafield ind1="1" ind2=" " tag="700">
    <subfield code="a">ʻAbd al-Hamīd, Muḥammad Muhyi al-Din.</subfield>
  </datafield>
  <datafield ind1=" " ind2=" " tag="998">
    <subfield code="s">9124</subfield>
  </datafield>
  <datafield ind1=" " ind2=" " tag="902">
    <subfield code="a">kc</subfield>
    <subfield code="c">b</subfield>
    <subfield code="d">v</subfield>
    <subfield code="f">0</subfield>
    <subfield code="s">m</subfield>
    <subfield code="b">r</subfield>
    <subfield code="e">20010112</subfield>
  </datafield>
  <datafield ind1="0" ind2="0" tag="852">
    <subfield code="0">3513722</subfield>
    <subfield code="b">nec</subfield>
    <subfield code="h">DS248.M5</subfield>
    <subfield code="i">S2 1955</subfield>
  </datafield>
  <datafield ind1=" " ind2=" " tag="866">
    <subfield code="0">3513722</subfield>
    <subfield code="a">al-Juzʾ 1-al-juzʾ 4</subfield>
  </datafield>
  <datafield ind1=" " ind2=" " tag="866">
    <subfield code="0">3513722</subfield>
    <subfield code="x">DESIGNATOR: al-Juzʾ</subfield>
  </datafield>
  <datafield ind1=" " ind2=" " tag="959">
    <subfield code="a">2000-06-13 00:00:00 -0400</subfield>
  </datafield>
</record>
